<?xml version="1.0" encoding="UTF-8"?>
<!DOCTYPE html PUBLIC "-//W3C//DTD XHTML 1.0 Transitional//EN"
    "http://www.w3.org/TR/xhtml1/DTD/xhtml1-transitional.dtd">
<html xmlns="http://www.w3.org/1999/xhtml" xml:lang="en" lang="en">
 <head>
  <title>
</title>
<meta http-equiv="Content-Type" content="text/html;charset=utf-8" />
  <meta name='ocr-system' content='tesseract 3.04.00' />
  <meta name='ocr-capabilities' content='ocr_page ocr_carea ocr_par ocr_line ocrx_word'/>
</head>
<body>
  <div class='ocr_page' id='page_1' title='image "MN41393ucmf_0_0041.png"; bbox 0 0 2336 3163; ppageno 0'>
   <div class='ocr_carea' id='block_1_1' title="bbox 40 165 1056 2646">
    <p class='ocr_par' dir='ltr' id='par_1_1' title="bbox 133 165 981 383">
     <span class='ocr_line' id='line_1_1' title="bbox 431 165 738 257; baseline -0.003 -32"><span class='ocrx_word' id='word_1_1' title='bbox 431 165 553 244; x_wconf 49' lang='lat'>{3521</span> <span class='ocrx_word' id='word_1_2' title='bbox 575 167 652 244; x_wconf 52' lang='grc' dir='ltr'>(ἒξ</span> <span class='ocrx_word' id='word_1_3' title='bbox 736 253 738 257; x_wconf 13' lang='lat' dir='ltr'>y</span> 
     </span>
     <span class='ocr_line' id='line_1_2' title="bbox 137 257 957 283; baseline 0 -6"><span class='ocrx_word' id='word_1_4' title='bbox 137 257 957 283; x_wconf 50' lang='lat' dir='ltr'>mmmm</span> 
     </span>
     <span class='ocr_line' id='line_1_3' title="bbox 133 296 981 383; baseline 0.006 -30"><span class='ocrx_word' id='word_1_5' title='bbox 133 298 287 359; x_wconf 81' lang='lat' dir='ltr'>seruorum:</span> <span class='ocrx_word' id='word_1_6' title='bbox 305 303 345 359; x_wconf 87' lang='lat' dir='ltr'>alii</span> <span class='ocrx_word' id='word_1_7' title='bbox 361 323 393 366; x_wconf 83' lang='lat' dir='ltr'>ex</span> <span class='ocrx_word' id='word_1_8' title='bbox 405 306 464 380; x_wconf 78' lang='lat' dir='ltr'>ipsas</span> <span class='ocrx_word' id='word_1_9' title='bbox 480 307 582 365; x_wconf 83' lang='lat' dir='ltr'>Ebraeis</span> <span class='ocrx_word' id='word_1_10' title='bbox 604 309 745 383; x_wconf 84' lang='lat' dir='ltr'>prognati,</span> <span class='ocrx_word' id='word_1_11' title='bbox 767 306 813 379; x_wconf 85' lang='lat' dir='ltr'>qui</span> <span class='ocrx_word' id='word_1_12' title='bbox 830 318 899 361; x_wconf 87' lang='lat' dir='ltr'>uero</span> <span class='ocrx_word' id='word_1_13' title='bbox 911 302 955 372; x_wconf 77' lang='lat' dir='ltr'>uel</span> <span class='ocrx_word' id='word_1_14' title='bbox 979 296 981 300; x_wconf 44' lang='lat'><strong>⁴</strong></span> 
     </span>
    </p>

    <p class='ocr_par' dir='ltr' id='par_1_2' title="bbox 40 373 1041 1480">
     <span class='ocr_line' id='line_1_4' title="bbox 92 373 975 456; baseline 0.007 -30"><span class='ocrx_word' id='word_1_15' title='bbox 92 447 94 450; x_wconf 11' lang='lat' dir='ltr'><em>r</em></span> <span class='ocrx_word' id='word_1_16' title='bbox 133 373 171 427; x_wconf 92' lang='lat' dir='ltr'>ob</span> <span class='ocrx_word' id='word_1_17' title='bbox 188 373 317 432; x_wconf 87' lang='lat' dir='ltr'>summam</span> <span class='ocrx_word' id='word_1_18' title='bbox 329 397 508 452; x_wconf 75' lang='lat' dir='ltr'>paupertatem</span> <span class='ocrx_word' id='word_1_19' title='bbox 521 382 569 456; x_wconf 76' lang='lat' dir='ltr'>ipsa</span> <span class='ocrx_word' id='word_1_20' title='bbox 587 383 612 439; x_wconf 82' lang='lat' dir='ltr'>se</span> <span class='ocrx_word' id='word_1_21' title='bbox 622 383 682 439; x_wconf 83' lang='lat' dir='ltr'>aliis</span> <span class='ocrx_word' id='word_1_22' title='bbox 697 380 812 440; x_wconf 83' lang='lat' dir='ltr'>Israelitis</span> <span class='ocrx_word' id='word_1_23' title='bbox 828 376 957 435; x_wconf 87' lang='lat' dir='ltr'>uendide·</span> <span class='ocrx_word' id='word_1_24' title='bbox 973 406 975 410; x_wconf 92' lang='lat'>·</span> 
     </span>
     <span class='ocr_line' id='line_1_5' title="bbox 57 449 1041 529; baseline 0.003 -26"><span class='ocrx_word' id='word_1_25' title='bbox 57 463 58 466; x_wconf 73' lang='grc'>’</span> <span class='ocrx_word' id='word_1_26' title='bbox 132 465 190 504; x_wconf 83' lang='lat' dir='ltr'>rant</span> <span class='ocrx_word' id='word_1_27' title='bbox 204 453 231 503; x_wconf 91' lang='lat' dir='ltr'>in</span> <span class='ocrx_word' id='word_1_28' title='bbox 240 449 406 526; x_wconf 84' lang='lat' dir='ltr'>seruitutem,</span> <span class='ocrx_word' id='word_1_29' title='bbox 421 458 449 510; x_wconf 90' lang='lat' dir='ltr'>in</span> <span class='ocrx_word' id='word_1_30' title='bbox 460 471 503 508; x_wconf 86' lang='lat' dir='ltr'>tot</span> <span class='ocrx_word' id='word_1_31' title='bbox 511 456 621 529; x_wconf 86' lang='lat' dir='ltr'>quidem</span> <span class='ocrx_word' id='word_1_32' title='bbox 634 475 729 521; x_wconf 86' lang='lat' dir='ltr'>annos,</span> <span class='ocrx_word' id='word_1_33' title='bbox 744 470 813 528; x_wconf 85' lang='lat' dir='ltr'>quot</span> <span class='ocrx_word' id='word_1_34' title='bbox 822 472 886 509; x_wconf 87' lang='lat' dir='ltr'>curn</span> <span class='ocrx_word' id='word_1_35' title='bbox 898 452 957 506; x_wconf 89' lang='lat' dir='ltr'>em·</span> <span class='ocrx_word' id='word_1_36' title='bbox 1040 457 1041 460; x_wconf 74' lang='grc'>’</span> 
     </span>
     <span class='ocr_line' id='line_1_6' title="bbox 132 524 956 604; baseline 0.004 -26"><span class='ocrx_word' id='word_1_37' title='bbox 132 539 190 579; x_wconf 83' lang='lat' dir='ltr'>tore</span> <span class='ocrx_word' id='word_1_38' title='bbox 204 541 382 580; x_wconf 86' lang='lat' dir='ltr'>conuenerant</span> <span class='ocrx_word' id='word_1_39' title='bbox 394 548 403 595; x_wconf 81' lang='lat'>3</span> <span class='ocrx_word' id='word_1_40' title='bbox 422 529 464 582; x_wconf 86' lang='lat' dir='ltr'>uel</span> <span class='ocrx_word' id='word_1_41' title='bbox 476 529 512 581; x_wconf 93' lang='lat' dir='ltr'>ob</span> <span class='ocrx_word' id='word_1_42' title='bbox 527 530 646 602; x_wconf 88' lang='lat' dir='ltr'>furtum,</span> <span class='ocrx_word' id='word_1_43' title='bbox 659 530 734 604; x_wconf 90' lang='lat' dir='ltr'>quod</span> <span class='ocrx_word' id='word_1_44' title='bbox 744 524 956 600; x_wconf 85' lang='lat' dir='ltr'>restituerehaud</span> 
     </span>
     <span class='ocr_line' id='line_1_7' title="bbox 99 597 954 667; baseline 0.004 -15"><span class='ocrx_word' id='word_1_45' title='bbox 99 618 101 620; x_wconf 86' lang='lat'>·</span> <span class='ocrx_word' id='word_1_46' title='bbox 131 597 272 664; x_wconf 82' lang='lat' dir='ltr'>ualebant,</span> <span class='ocrx_word' id='word_1_47' title='bbox 287 601 305 653; x_wconf 86' lang='lat' dir='ltr'>a</span> <span class='ocrx_word' id='word_1_48' title='bbox 318 599 401 665; x_wconf 84' lang='lat' dir='ltr'>foro,</span> <span class='ocrx_word' id='word_1_49' title='bbox 415 601 463 655; x_wconf 82' lang='lat' dir='ltr'>seu</span> <span class='ocrx_word' id='word_1_50' title='bbox 480 600 599 667; x_wconf 84' lang='lat' dir='ltr'>iudicio,</span> <span class='ocrx_word' id='word_1_51' title='bbox 613 605 728 659; x_wconf 87' lang='lat' dir='ltr'>seruituti</span> <span class='ocrx_word' id='word_1_52' title='bbox 754 601 954 666; x_wconf 74' lang='lat' dir='ltr'><strong>addicebantur.</strong></span> 
     </span>
     <span class='ocr_line' id='line_1_8' title="bbox 130 672 995 801; baseline 0.005 -76"><span class='ocrx_word' id='word_1_53' title='bbox 130 676 200 744; x_wconf 86' lang='lat' dir='ltr'>Sicut</span> <span class='ocrx_word' id='word_1_54' title='bbox 214 689 302 726; x_wconf 85' lang='lat' dir='ltr'>aurem</span> <span class='ocrx_word' id='word_1_55' title='bbox 313 676 419 728; x_wconf 76' lang='lat' dir='ltr'>ier&#39;uitus</span> <span class='ocrx_word' id='word_1_56' title='bbox 428 674 508 738; x_wconf 86' lang='lat' dir='ltr'>illius,</span> <span class='ocrx_word' id='word_1_57' title='bbox 515 681 565 801; x_wconf 47' lang='lat' dir='ltr'>Kpui</span> <span class='ocrx_word' id='word_1_58' title='bbox 575 678 600 730; x_wconf 89' lang='lat' dir='ltr'>se</span> <span class='ocrx_word' id='word_1_59' title='bbox 613 678 697 749; x_wconf 68' lang='lat' dir='ltr'>ipsum</span> <span class='ocrx_word' id='word_1_60' title='bbox 707 674 877 741; x_wconf 87' lang='lat' dir='ltr'>uendiderat,</span> <span class='ocrx_word' id='word_1_61' title='bbox 892 672 957 748; x_wconf 84' lang='lat' dir='ltr'>post</span> <span class='ocrx_word' id='word_1_62' title='bbox 984 690 995 702; x_wconf 62' lang='lat'><em>⁰</em></span> 
     </span>
     <span class='ocr_line' id='line_1_9' title="bbox 48 745 954 816; baseline 0.004 -18"><span class='ocrx_word' id='word_1_63' title='bbox 48 746 59 810; x_wconf 72' lang='lat' dir='ltr'><em>j</em></span> <span class='ocrx_word' id='word_1_64' title='bbox 90 761 91 766; x_wconf 54' lang='lat'>¹</span> <span class='ocrx_word' id='word_1_65' title='bbox 131 761 215 800; x_wconf 87' lang='lat' dir='ltr'>annos</span> <span class='ocrx_word' id='word_1_66' title='bbox 226 745 302 815; x_wconf 71' lang='lat' dir='ltr'>pasto</span> <span class='ocrx_word' id='word_1_67' title='bbox 319 747 512 801; x_wconf 81' lang='lat' dir='ltr'>constitutosor</span> <span class='ocrx_word' id='word_1_68' title='bbox 533 750 773 813; x_wconf 82' lang='lat' dir='ltr'>inatie·soluebatut</span> <span class='ocrx_word' id='word_1_69' title='bbox 789 753 849 816; x_wconf 55' lang='lat' dir='ltr'>rita</span> <span class='ocrx_word' id='word_1_70' title='bbox 865 748 954 811; x_wconf 80' lang='lat' dir='ltr'>crille,</span> 
     </span>
     <span class='ocr_line' id='line_1_10' title="bbox 84 817 1008 895; baseline 0.003 -22"><span class='ocrx_word' id='word_1_71' title='bbox 84 848 85 851; x_wconf 37' lang='lat'>¹</span> <span class='ocrx_word' id='word_1_72' title='bbox 128 822 179 892; x_wconf 73' lang='lat' dir='ltr'>vqui</span> <span class='ocrx_word' id='word_1_73' title='bbox 190 837 204 875; x_wconf 86' lang='lat' dir='ltr'>a</span> <span class='ocrx_word' id='word_1_74' title='bbox 217 817 316 875; x_wconf 86' lang='lat' dir='ltr'>iudicio</span> <span class='ocrx_word' id='word_1_75' title='bbox 329 819 450 887; x_wconf 75' lang='lat' dir='ltr'>uenditus</span> <span class='ocrx_word' id='word_1_76' title='bbox 466 822 532 885; x_wconf 84' lang='lat' dir='ltr'>etat,</span> <span class='ocrx_word' id='word_1_77' title='bbox 547 821 658 895; x_wconf 78' lang='lat' dir='ltr'>septimo</span> <span class='ocrx_word' id='word_1_78' title='bbox 673 841 687 877; x_wconf 86' lang='lat' dir='ltr'>a</span> <span class='ocrx_word' id='word_1_79' title='bbox 703 825 826 877; x_wconf 86' lang='lat' dir='ltr'>seruitute</span> <span class='ocrx_word' id='word_1_80' title='bbox 844 821 954 876; x_wconf 82' lang='lat' dir='ltr'>annuin</span> <span class='ocrx_word' id='word_1_81' title='bbox 983 845 985 847; x_wconf 47' lang='lat'><strong><em>¹</em></strong></span> <span class='ocrx_word' id='word_1_82' title='bbox 1006 819 1008 823; x_wconf 44' lang='lat'><em>⁴</em></span> 
     </span>
     <span class='ocr_line' id='line_1_11' title="bbox 45 891 953 966; baseline 0.001 -19"><span class='ocrx_word' id='word_1_83' title='bbox 45 905 49 908; x_wconf 76' lang='grc'><strong>“</strong></span> <span class='ocrx_word' id='word_1_84' title='bbox 127 893 279 947; x_wconf 53' lang='grc' dir='ltr'>1-Ιίὃεῐαιεειῐι</span> <span class='ocrx_word' id='word_1_85' title='bbox 295 891 483 947; x_wconf 84' lang='lat' dir='ltr'>restituebatur.</span> <span class='ocrx_word' id='word_1_86' title='bbox 501 911 594 951; x_wconf 81' lang='lat' dir='ltr'>uuvr.</span> <span class='ocrx_word' id='word_1_87' title='bbox 605 915 654 966; x_wconf 74' lang='lat' dir='ltr'>atu,</span> <span class='ocrx_word' id='word_1_88' title='bbox 665 914 706 953; x_wconf 85' lang='lat'>12.</span> <span class='ocrx_word' id='word_1_89' title='bbox 724 900 847 950; x_wconf 79' lang='lat' dir='ltr'>Poterant</span> <span class='ocrx_word' id='word_1_90' title='bbox 863 912 953 954; x_wconf 89' lang='lat' dir='ltr'>tamen</span> 
     </span>
     <span class='ocr_line' id='line_1_12' title="bbox 40 963 952 1041; baseline 0.001 -19"><span class='ocrx_word' id='word_1_91' title='bbox 40 1020 42 1022; x_wconf 83' lang='grc'><em>,</em></span> <span class='ocrx_word' id='word_1_92' title='bbox 91 983 92 986; x_wconf 73' lang='grc'>’</span> <span class='ocrx_word' id='word_1_93' title='bbox 133 971 216 1021; x_wconf 90' lang='lat' dir='ltr'>etiam</span> <span class='ocrx_word' id='word_1_94' title='bbox 230 982 301 1018; x_wconf 78' lang='lat' dir='ltr'>extra</span> <span class='ocrx_word' id='word_1_95' title='bbox 313 963 454 1034; x_wconf 62' lang='lat' dir='ltr'>nminem,</span> <span class='ocrx_word' id='word_1_96' title='bbox 469 967 511 1021; x_wconf 81' lang='lat' dir='ltr'>uel</span> <span class='ocrx_word' id='word_1_97' title='bbox 520 970 756 1041; x_wconf 67' lang='lat' dir='ltr'>permanumiffloni‘s</span> <span class='ocrx_word' id='word_1_98' title='bbox 769 967 890 1039; x_wconf 81' lang='lat' dir='ltr'>libellum,</span> <span class='ocrx_word' id='word_1_99' title='bbox 909 967 952 1024; x_wconf 90' lang='lat' dir='ltr'>uel</span> 
     </span>
     <span class='ocr_line' id='line_1_13' title="bbox 44 1037 1014 1114; baseline 0.003 -22"><span class='ocrx_word' id='word_1_100' title='bbox 44 1038 47 1044; x_wconf 72' lang='grc'>’</span> <span class='ocrx_word' id='word_1_101' title='bbox 101 1037 381 1112; x_wconf 55' lang='lat' dir='ltr'>pertenentem,</span> <span class='ocrx_word' id='word_1_102' title='bbox 398 1039 458 1094; x_wconf 85' lang='lat' dir='ltr'>tales</span> <span class='ocrx_word' id='word_1_103' title='bbox 474 1038 539 1096; x_wconf 87' lang='lat' dir='ltr'>serui</span> <span class='ocrx_word' id='word_1_104' title='bbox 558 1058 616 1096; x_wconf 89' lang='lat' dir='ltr'>ante</span> <span class='ocrx_word' id='word_1_105' title='bbox 634 1045 804 1102; x_wconf 81' lang='lat' dir='ltr'>constitutum</span> <span class='ocrx_word' id='word_1_106' title='bbox 822 1059 953 1114; x_wconf 81' lang='lat' dir='ltr'>tempusa</span> <span class='ocrx_word' id='word_1_107' title='bbox 1011 1070 1014 1073; x_wconf 86' lang='lat'><em>-</em></span> 
     </span>
     <span class='ocr_line' id='line_1_14' title="bbox 75 1110 954 1188; baseline 0.001 -20"><span class='ocrx_word' id='word_1_108' title='bbox 75 1175 77 1178; x_wconf 21' lang='lat'><strong><em>¹</em></strong></span> <span class='ocrx_word' id='word_1_109' title='bbox 134 1113 257 1168; x_wconf 88' lang='lat' dir='ltr'>seruitute</span> <span class='ocrx_word' id='word_1_110' title='bbox 272 1110 386 1166; x_wconf 67' lang='lat' dir='ltr'>liberarit</span> <span class='ocrx_word' id='word_1_111' title='bbox 417 1116 476 1167; x_wconf 78' lang='lat' dir='ltr'>lino</span> <span class='ocrx_word' id='word_1_112' title='bbox 490 1129 530 1181; x_wconf 46' lang='lat' dir='ltr'>‘et</span> <span class='ocrx_word' id='word_1_113' title='bbox 542 1134 619 1169; x_wconf 77' lang='lat' dir='ltr'>annus</span> <span class='ocrx_word' id='word_1_114' title='bbox 640 1116 770 1181; x_wconf 80' lang='lat' dir='ltr'>lubilams,</span> <span class='ocrx_word' id='word_1_115' title='bbox 790 1125 954 1188; x_wconf 83' lang='lat' dir='ltr'>quoeunque</span> 
     </span>
     <span class='ocr_line' id='line_1_15' title="bbox 134 1184 996 1258; baseline -0.001 -15"><span class='ocrx_word' id='word_1_116' title='bbox 134 1203 257 1258; x_wconf 86' lang='lat' dir='ltr'>tempore</span> <span class='ocrx_word' id='word_1_117' title='bbox 267 1184 411 1251; x_wconf 86' lang='lat' dir='ltr'>incideret,</span> <span class='ocrx_word' id='word_1_118' title='bbox 430 1190 460 1240; x_wconf 87' lang='lat' dir='ltr'>iis</span> <span class='ocrx_word' id='word_1_119' title='bbox 471 1187 596 1242; x_wconf 84' lang='lat' dir='ltr'>afferebat</span> <span class='ocrx_word' id='word_1_120' title='bbox 608 1187 762 1249; x_wconf 82' lang='lat' dir='ltr'>libertatem.</span> <span class='ocrx_word' id='word_1_121' title='bbox 798 1191 873 1244; x_wconf 81' lang='lat' dir='ltr'>Serui</span> <span class='ocrx_word' id='word_1_122' title='bbox 885 1205 952 1244; x_wconf 89' lang='lat' dir='ltr'>uero</span> <span class='ocrx_word' id='word_1_123' title='bbox 994 1252 996 1258; x_wconf 12' lang='grc' dir='ltr'>ἲ</span> 
     </span>
     <span class='ocr_line' id='line_1_16' title="bbox 134 1259 950 1333; baseline -0.001 -16"><span class='ocrx_word' id='word_1_124' title='bbox 134 1280 166 1317; x_wconf 84' lang='lat' dir='ltr'>ex</span> <span class='ocrx_word' id='word_1_125' title='bbox 176 1262 227 1316; x_wconf 83' lang='lat' dir='ltr'>aliis</span> <span class='ocrx_word' id='word_1_126' title='bbox 243 1260 364 1333; x_wconf 80' lang='lat' dir='ltr'>gentibus</span> <span class='ocrx_word' id='word_1_127' title='bbox 380 1259 497 1324; x_wconf 87' lang='lat' dir='ltr'>oriundi,</span> <span class='ocrx_word' id='word_1_128' title='bbox 515 1263 663 1324; x_wconf 81' lang='lat' dir='ltr'>etueliure</span> <span class='ocrx_word' id='word_1_129' title='bbox 679 1262 753 1327; x_wconf 85' lang='lat' dir='ltr'>belli,</span> <span class='ocrx_word' id='word_1_130' title='bbox 766 1262 810 1317; x_wconf 88' lang='lat' dir='ltr'>uel</span> <span class='ocrx_word' id='word_1_131' title='bbox 822 1266 950 1326; x_wconf 76' lang='lat' dir='ltr'>emtione.</span> 
     </span>
     <span class='ocr_line' id='line_1_17' title="bbox 133 1331 994 1407; baseline -0.002 -17"><span class='ocrx_word' id='word_1_132' title='bbox 133 1352 178 1395; x_wconf 86' lang='lat' dir='ltr'>aut</span> <span class='ocrx_word' id='word_1_133' title='bbox 188 1336 397 1407; x_wconf 82' lang='lat' dir='ltr'>permutatione,</span> <span class='ocrx_word' id='word_1_134' title='bbox 408 1337 435 1387; x_wconf 87' lang='lat' dir='ltr'>in</span> <span class='ocrx_word' id='word_1_135' title='bbox 445 1331 593 1389; x_wconf 86' lang='lat' dir='ltr'>seruitutem</span> <span class='ocrx_word' id='word_1_136' title='bbox 603 1334 714 1400; x_wconf 76' lang='lat' dir='ltr'>tedaffl,</span> <span class='ocrx_word' id='word_1_137' title='bbox 726 1335 833 1389; x_wconf 87' lang='lat' dir='ltr'>duriore</span> <span class='ocrx_word' id='word_1_138' title='bbox 844 1335 952 1390; x_wconf 84' lang='lat' dir='ltr'>uteban·</span> <span class='ocrx_word' id='word_1_139' title='bbox 992 1336 994 1339; x_wconf 77' lang='grc'>’</span> 
     </span>
     <span class='ocr_line' id='line_1_18' title="bbox 134 1406 955 1480; baseline -0.002 -16"><span class='ocrx_word' id='word_1_140' title='bbox 134 1427 178 1464; x_wconf 87' lang='lat' dir='ltr'>tur</span> <span class='ocrx_word' id='word_1_141' title='bbox 189 1406 351 1461; x_wconf 85' lang='lat' dir='ltr'>conditione.</span> <span class='ocrx_word' id='word_1_142' title='bbox 386 1410 435 1477; x_wconf 81' lang='lat' dir='ltr'>Hi,</span> <span class='ocrx_word' id='word_1_143' title='bbox 453 1424 601 1480; x_wconf 87' lang='lat' dir='ltr'>eorumque</span> <span class='ocrx_word' id='word_1_144' title='bbox 617 1408 705 1473; x_wconf 83' lang='lat' dir='ltr'>liberi,</span> <span class='ocrx_word' id='word_1_145' title='bbox 721 1427 753 1462; x_wconf 83' lang='lat' dir='ltr'>ex</span> <span class='ocrx_word' id='word_1_146' title='bbox 773 1424 856 1470; x_wconf 86' lang='lat' dir='ltr'>matre</span> <span class='ocrx_word' id='word_1_147' title='bbox 873 1412 955 1462; x_wconf 82' lang='lat' dir='ltr'>etiam-</span> 
     </span>
    </p>

    <p class='ocr_par' dir='ltr' id='par_1_3' title="bbox 68 1479 1056 2581">
     <span class='ocr_line' id='line_1_19' title="bbox 68 1479 955 1553; baseline -0.005 -15"><span class='ocrx_word' id='word_1_148' title='bbox 68 1490 70 1498; x_wconf 72' lang='lat'><strong><em>‘</em></strong></span> <span class='ocrx_word' id='word_1_149' title='bbox 134 1484 205 1538; x_wconf 85' lang='lat' dir='ltr'>serua</span> <span class='ocrx_word' id='word_1_150' title='bbox 216 1484 284 1549; x_wconf 82' lang='lat' dir='ltr'>nati,</span> <span class='ocrx_word' id='word_1_151' title='bbox 300 1496 440 1553; x_wconf 84' lang='lat' dir='ltr'>perpetuae</span> <span class='ocrx_word' id='word_1_152' title='bbox 453 1479 563 1551; x_wconf 87' lang='lat' dir='ltr'>quidem</span> <span class='ocrx_word' id='word_1_153' title='bbox 582 1480 698 1536; x_wconf 88' lang='lat' dir='ltr'>seruituti</span> <span class='ocrx_word' id='word_1_154' title='bbox 709 1480 861 1536; x_wconf 85' lang='lat' dir='ltr'>dicebantur</span> <span class='ocrx_word' id='word_1_155' title='bbox 871 1480 955 1536; x_wconf 85' lang='lat' dir='ltr'>subie-</span> 
     </span>
     <span class='ocr_line' id='line_1_20' title="bbox 135 1553 955 1626; baseline -0.006 -14"><span class='ocrx_word' id='word_1_156' title='bbox 135 1559 193 1624; x_wconf 70' lang='lat' dir='ltr'>eti3</span> <span class='ocrx_word' id='word_1_157' title='bbox 216 1555 387 1615; x_wconf 83' lang='lat' dir='ltr'>nihilominus</span> <span class='ocrx_word' id='word_1_158' title='bbox 414 1570 503 1607; x_wconf 88' lang='lat' dir='ltr'>tamen</span> <span class='ocrx_word' id='word_1_159' title='bbox 526 1557 602 1620; x_wconf 86' lang='lat' dir='ltr'>uariis</span> <span class='ocrx_word' id='word_1_160' title='bbox 620 1559 698 1609; x_wconf 87' lang='lat' dir='ltr'>etiam</span> <span class='ocrx_word' id='word_1_161' title='bbox 721 1553 809 1608; x_wconf 87' lang='lat' dir='ltr'>modis</span> <span class='ocrx_word' id='word_1_162' title='bbox 832 1570 955 1626; x_wconf 89' lang='lat' dir='ltr'>poterant</span> 
     </span>
     <span class='ocr_line' id='line_1_21' title="bbox 135 1625 963 1701; baseline -0.005 -17"><span class='ocrx_word' id='word_1_163' title='bbox 135 1639 324 1687; x_wconf 50' lang='lat' dir='ltr'>rumetum</span> <span class='ocrx_word' id='word_1_164' title='bbox 343 1625 480 1681; x_wconf 83' lang='lat' dir='ltr'>libertatem</span> <span class='ocrx_word' id='word_1_165' title='bbox 493 1627 592 1700; x_wconf 75' lang='lat' dir='ltr'>adipisci</span> <span class='ocrx_word' id='word_1_166' title='bbox 607 1650 617 1696; x_wconf 79' lang='lat'>3</span> <span class='ocrx_word' id='word_1_167' title='bbox 638 1627 703 1682; x_wconf 88' lang='lat' dir='ltr'>dum</span> <span class='ocrx_word' id='word_1_168' title='bbox 714 1628 757 1682; x_wconf 86' lang='lat' dir='ltr'>uel</span> <span class='ocrx_word' id='word_1_169' title='bbox 772 1632 857 1700; x_wconf 83' lang='lat' dir='ltr'>pretio</span> <span class='ocrx_word' id='word_1_170' title='bbox 874 1647 888 1681; x_wconf 89' lang='lat' dir='ltr'>a</span> <span class='ocrx_word' id='word_1_171' title='bbox 904 1627 963 1701; x_wconf 61' lang='lat' dir='ltr'>doa-</span> 
     </span>
     <span class='ocr_line' id='line_1_22' title="bbox 134 1697 1056 1771; baseline -0.002 -13"><span class='ocrx_word' id='word_1_172' title='bbox 134 1706 210 1758; x_wconf 89' lang='lat' dir='ltr'>mino</span> <span class='ocrx_word' id='word_1_173' title='bbox 228 1699 405 1755; x_wconf 81' lang='lat' dir='ltr'>consentiente</span> <span class='ocrx_word' id='word_1_174' title='bbox 425 1697 629 1771; x_wconf 83' lang='lat' dir='ltr'>redimerentur,</span> <span class='ocrx_word' id='word_1_175' title='bbox 649 1705 691 1756; x_wconf 93' lang='lat' dir='ltr'>uel</span> <span class='ocrx_word' id='word_1_176' title='bbox 699 1702 769 1756; x_wconf 89' lang='lat' dir='ltr'>ultro</span> <span class='ocrx_word' id='word_1_177' title='bbox 781 1718 807 1755; x_wconf 93' lang='lat' dir='ltr'>et</span> <span class='ocrx_word' id='word_1_178' title='bbox 817 1700 953 1754; x_wconf 86' lang='lat' dir='ltr'>liberaliter</span> <span class='ocrx_word' id='word_1_179' title='bbox 1037 1736 1056 1756; x_wconf 86' lang='lat'>-.</span> 
     </span>
     <span class='ocr_line' id='line_1_23' title="bbox 136 1773 953 1845; baseline -0.005 -14"><span class='ocrx_word' id='word_1_180' title='bbox 136 1796 150 1831; x_wconf 88' lang='lat' dir='ltr'>a</span> <span class='ocrx_word' id='word_1_181' title='bbox 168 1774 296 1838; x_wconf 83' lang='lat' dir='ltr'>domino,</span> <span class='ocrx_word' id='word_1_182' title='bbox 314 1793 361 1845; x_wconf 87' lang='lat' dir='ltr'>per</span> <span class='ocrx_word' id='word_1_183' title='bbox 378 1773 495 1828; x_wconf 87' lang='lat' dir='ltr'>libellum</span> <span class='ocrx_word' id='word_1_184' title='bbox 514 1774 733 1838; x_wconf 75' lang='lat' dir='ltr'>manumissionis,</span> <span class='ocrx_word' id='word_1_185' title='bbox 748 1773 953 1837; x_wconf 82' lang='lat' dir='ltr'>dimitterentur,</span> 
     </span>
     <span class='ocr_line' id='line_1_24' title="bbox 135 1845 959 1924; baseline -0.007 -19"><span class='ocrx_word' id='word_1_186' title='bbox 135 1860 234 1924; x_wconf 81' lang='lat' dir='ltr'>atque,</span> <span class='ocrx_word' id='word_1_187' title='bbox 248 1848 379 1919; x_wconf 77' lang='lat' dir='ltr'>praesente</span> <span class='ocrx_word' id='word_1_188' title='bbox 391 1863 416 1901; x_wconf 89' lang='lat' dir='ltr'>et</span> <span class='ocrx_word' id='word_1_189' title='bbox 435 1863 491 1908; x_wconf 90' lang='lat' dir='ltr'>non</span> <span class='ocrx_word' id='word_1_190' title='bbox 505 1864 631 1914; x_wconf 85' lang='lat' dir='ltr'>renuente</span> <span class='ocrx_word' id='word_1_191' title='bbox 641 1849 725 1910; x_wconf 85' lang='lat' dir='ltr'>hero,</span> <span class='ocrx_word' id='word_1_192' title='bbox 741 1845 856 1919; x_wconf 86' lang='lat' dir='ltr'>suscepto</span> <span class='ocrx_word' id='word_1_193' title='bbox 869 1846 959 1918; x_wconf 66' lang='lat' dir='ltr'>bapti·</span> 
     </span>
     <span class='ocr_line' id='line_1_25' title="bbox 135 1920 1042 1994; baseline -0.003 -16"><span class='ocrx_word' id='word_1_194' title='bbox 135 1923 208 1990; x_wconf 87' lang='lat' dir='ltr'>sm0,</span> <span class='ocrx_word' id='word_1_195' title='bbox 225 1922 411 1994; x_wconf 85' lang='lat' dir='ltr'>profiterentur</span> <span class='ocrx_word' id='word_1_196' title='bbox 422 1922 579 1988; x_wconf 78' lang='lat' dir='ltr'>triumuiris,</span> <span class='ocrx_word' id='word_1_197' title='bbox 591 1920 614 1974; x_wconf 89' lang='lat' dir='ltr'>se</span> <span class='ocrx_word' id='word_1_198' title='bbox 626 1920 749 1992; x_wconf 84' lang='lat' dir='ltr'>baptizari</span> <span class='ocrx_word' id='word_1_199' title='bbox 764 1938 855 1975; x_wconf 86' lang='lat' dir='ltr'>curam</span> <span class='ocrx_word' id='word_1_200' title='bbox 867 1920 914 1973; x_wconf 86' lang='lat' dir='ltr'>illis</span> <span class='ocrx_word' id='word_1_201' title='bbox 925 1924 954 1975; x_wconf 88' lang='lat' dir='ltr'>in</span> <span class='ocrx_word' id='word_1_202' title='bbox 1007 1966 1009 1969; x_wconf 91' lang='lat'>.</span> <span class='ocrx_word' id='word_1_203' title='bbox 1040 1921 1042 1923; x_wconf 65' lang='grc'><strong>’</strong></span> 
     </span>
     <span class='ocr_line' id='line_1_26' title="bbox 135 1992 954 2064; baseline -0.007 -13"><span class='ocrx_word' id='word_1_204' title='bbox 135 1999 237 2051; x_wconf 85' lang='lat' dir='ltr'>nomen</span> <span class='ocrx_word' id='word_1_205' title='bbox 253 1995 340 2058; x_wconf 84' lang='lat' dir='ltr'>liberi,</span> <span class='ocrx_word' id='word_1_206' title='bbox 361 1994 404 2047; x_wconf 85' lang='lat' dir='ltr'>aut</span> <span class='ocrx_word' id='word_1_207' title='bbox 418 1996 528 2046; x_wconf 88' lang='lat' dir='ltr'>nomine</span> <span class='ocrx_word' id='word_1_208' title='bbox 539 1992 601 2047; x_wconf 84' lang='lat' dir='ltr'>iuris</span> <span class='ocrx_word' id='word_1_209' title='bbox 621 1994 740 2064; x_wconf 73' lang='lat' dir='ltr'>proselyti</span> <span class='ocrx_word' id='word_1_210' title='bbox 751 2014 760 2059; x_wconf 81' lang='lat'>3</span> <span class='ocrx_word' id='word_1_211' title='bbox 771 2005 840 2048; x_wconf 71' lang='lat' dir='ltr'>&#39;tune</span> <span class='ocrx_word' id='word_1_212' title='bbox 851 1992 954 2058; x_wconf 90' lang='lat' dir='ltr'>scilicet,</span> 
     </span>
     <span class='ocr_line' id='line_1_27' title="bbox 135 2064 953 2139; baseline -0.005 -14"><span class='ocrx_word' id='word_1_213' title='bbox 135 2070 198 2125; x_wconf 87' lang='lat' dir='ltr'>fiex</span> <span class='ocrx_word' id='word_1_214' title='bbox 212 2070 284 2139; x_wconf 80' lang='lat' dir='ltr'>aquis</span> <span class='ocrx_word' id='word_1_215' title='bbox 301 2064 501 2129; x_wconf 84' lang='lat' dir='ltr'>adscenderent‚</span> <span class='ocrx_word' id='word_1_216' title='bbox 514 2064 587 2119; x_wconf 83' lang='lat' dir='ltr'>liberi</span> <span class='ocrx_word' id='word_1_217' title='bbox 604 2065 715 2134; x_wconf 84' lang='lat' dir='ltr'>fiebant,</span> <span class='ocrx_word' id='word_1_218' title='bbox 729 2069 804 2120; x_wconf 86' lang='lat' dir='ltr'>etius</span> <span class='ocrx_word' id='word_1_219' title='bbox 819 2070 953 2137; x_wconf 79' lang='lat' dir='ltr'>integrum</span> 
     </span>
     <span class='ocr_line' id='line_1_28' title="bbox 135 2137 953 2217; baseline -0.004 -21"><span class='ocrx_word' id='word_1_220' title='bbox 135 2141 243 2217; x_wconf 87' lang='lat' dir='ltr'>poselyti</span> <span class='ocrx_word' id='word_1_221' title='bbox 261 2140 319 2195; x_wconf 82' lang='lat' dir='ltr'>iusti</span> <span class='ocrx_word' id='word_1_222' title='bbox 338 2137 556 2192; x_wconf 84' lang='lat' dir='ltr'>nanciscebantur.</span> <span class='ocrx_word' id='word_1_223' title='bbox 593 2137 623 2192; x_wconf 92' lang='lat' dir='ltr'>Id</span> <span class='ocrx_word' id='word_1_224' title='bbox 638 2137 713 2213; x_wconf 93' lang='lat' dir='ltr'>quod</span> <span class='ocrx_word' id='word_1_225' title='bbox 729 2138 845 2210; x_wconf 87' lang='lat' dir='ltr'>pluribus</span> <span class='ocrx_word' id='word_1_226' title='bbox 860 2138 953 2193; x_wconf 87' lang='lat' dir='ltr'>docuit</span> 
     </span>
     <span class='ocr_line' id='line_1_29' title="bbox 136 2211 953 2285; baseline -0.01 -12"><span class='ocrx_word' id='word_1_227' title='bbox 136 2232 310 2278; x_wconf 75' lang='lat' dir='ltr'>sauuanvs,</span> <span class='ocrx_word' id='word_1_228' title='bbox 329 2214 392 2266; x_wconf 75' lang='lat' dir='ltr'>Libr.</span> <span class='ocrx_word' id='word_1_229' title='bbox 405 2220 429 2266; x_wconf 85' lang='lat'>11</span> <span class='ocrx_word' id='word_1_230' title='bbox 437 2212 465 2265; x_wconf 82' lang='lat' dir='ltr'>de</span> <span class='ocrx_word' id='word_1_231' title='bbox 477 2219 495 2264; x_wconf 92' lang='grc' dir='ltr'>Ι.</span> <span class='ocrx_word' id='word_1_232' title='bbox 508 2219 540 2265; x_wconf 89' lang='grc' dir='ltr'>Ν.</span> <span class='ocrx_word' id='word_1_233' title='bbox 553 2226 577 2265; x_wconf 84' lang='lat' dir='ltr'>et</span> <span class='ocrx_word' id='word_1_234' title='bbox 587 2220 613 2264; x_wconf 86' lang='lat' dir='ltr'>G.</span> <span class='ocrx_word' id='word_1_235' title='bbox 628 2227 679 2285; x_wconf 80' lang='lat' dir='ltr'>cap.</span> <span class='ocrx_word' id='word_1_236' title='bbox 694 2233 716 2282; x_wconf 80' lang='lat'>3,</span> <span class='ocrx_word' id='word_1_237' title='bbox 726 2227 751 2266; x_wconf 86' lang='lat' dir='ltr'>et</span> <span class='ocrx_word' id='word_1_238' title='bbox 764 2231 776 2278; x_wconf 94' lang='lat'>5</span> <span class='ocrx_word' id='word_1_239' title='bbox 790 2233 798 2279; x_wconf 82' lang='lat'>3</span> <span class='ocrx_word' id='word_1_240' title='bbox 816 2211 914 2265; x_wconf 81' lang='lat' dir='ltr'>etLibr.</span> <span class='ocrx_word' id='word_1_241' title='bbox 926 2222 953 2279; x_wconf 84' lang='lat' dir='ltr'>V,</span> 
     </span>
     <span class='ocr_line' id='line_1_30' title="bbox 136 2284 952 2366; baseline -0.006 -22"><span class='ocrx_word' id='word_1_242' title='bbox 136 2303 187 2366; x_wconf 78' lang='lat' dir='ltr'>cap.</span> <span class='ocrx_word' id='word_1_243' title='bbox 203 2306 233 2344; x_wconf 87' lang='lat'>12</span> <span class='ocrx_word' id='word_1_244' title='bbox 245 2311 256 2353; x_wconf 92' lang='lat'>‚·</span> <span class='ocrx_word' id='word_1_245' title='bbox 274 2290 331 2341; x_wconf 83' lang='lat' dir='ltr'>item</span> <span class='ocrx_word' id='word_1_246' title='bbox 343 2285 406 2344; x_wconf 79' lang='lat' dir='ltr'>Libr.</span> <span class='ocrx_word' id='word_1_247' title='bbox 418 2294 457 2348; x_wconf 83' lang='lat' dir='ltr'>Vl,</span> <span class='ocrx_word' id='word_1_248' title='bbox 469 2301 517 2357; x_wconf 84' lang='lat' dir='ltr'>cap.</span> <span class='ocrx_word' id='word_1_249' title='bbox 533 2296 557 2344; x_wconf 88' lang='lat'>8.</span> <span class='ocrx_word' id='word_1_250' title='bbox 575 2290 612 2339; x_wconf 86' lang='lat' dir='ltr'>Ita</span> <span class='ocrx_word' id='word_1_251' title='bbox 621 2284 699 2341; x_wconf 85' lang='lat' dir='ltr'>etiam</span> <span class='ocrx_word' id='word_1_252' title='bbox 708 2285 778 2358; x_wconf 88' lang='lat' dir='ltr'>apud</span> <span class='ocrx_word' id='word_1_253' title='bbox 790 2284 846 2339; x_wconf 86' lang='lat' dir='ltr'>alias</span> <span class='ocrx_word' id='word_1_254' title='bbox 853 2303 952 2358; x_wconf 76' lang='lat' dir='ltr'>gemet,</span> 
     </span>
     <span class='ocr_line' id='line_1_31' title="bbox 138 2357 953 2440; baseline -0.006 -22"><span class='ocrx_word' id='word_1_255' title='bbox 138 2362 206 2440; x_wconf 82' lang='lat' dir='ltr'>apud</span> <span class='ocrx_word' id='word_1_256' title='bbox 223 2379 285 2432; x_wconf 86' lang='lat' dir='ltr'>quas</span> <span class='ocrx_word' id='word_1_257' title='bbox 297 2361 402 2414; x_wconf 86' lang='lat' dir='ltr'>seruitus</span> <span class='ocrx_word' id='word_1_258' title='bbox 418 2358 464 2433; x_wconf 85' lang='lat' dir='ltr'>usu</span> <span class='ocrx_word' id='word_1_259' title='bbox 478 2375 582 2430; x_wconf 87' lang='lat' dir='ltr'>recepta</span> <span class='ocrx_word' id='word_1_260' title='bbox 593 2360 662 2425; x_wconf 64' lang='lat' dir='ltr'>fuit,</span> <span class='ocrx_word' id='word_1_261' title='bbox 672 2359 744 2432; x_wconf 82' lang='lat' dir='ltr'>datus</span> <span class='ocrx_word' id='word_1_262' title='bbox 760 2362 837 2422; x_wconf 83' lang='lat' dir='ltr'>etiarn</span> <span class='ocrx_word' id='word_1_263' title='bbox 851 2358 888 2412; x_wconf 89' lang='lat' dir='ltr'>est</span> <span class='ocrx_word' id='word_1_264' title='bbox 898 2357 953 2413; x_wconf 89' lang='lat' dir='ltr'>adi·</span> 
     </span>
     <span class='ocr_line' id='line_1_32' title="bbox 138 2433 953 2505; baseline -0.011 -9"><span class='ocrx_word' id='word_1_265' title='bbox 138 2459 178 2495; x_wconf 86' lang='lat' dir='ltr'>tus</span> <span class='ocrx_word' id='word_1_266' title='bbox 196 2435 398 2499; x_wconf 84' lang='lat' dir='ltr'>adlibertatem3</span> <span class='ocrx_word' id='word_1_267' title='bbox 416 2435 534 2505; x_wconf 88' lang='lat' dir='ltr'>quamuis</span> <span class='ocrx_word' id='word_1_268' title='bbox 552 2451 621 2497; x_wconf 87' lang='lat' dir='ltr'>eam,</span> <span class='ocrx_word' id='word_1_269' title='bbox 632 2452 682 2504; x_wconf 90' lang='lat' dir='ltr'>pro</span> <span class='ocrx_word' id='word_1_270' title='bbox 698 2436 809 2487; x_wconf 84' lang='lat' dir='ltr'>cuiusuis</span> <span class='ocrx_word' id='word_1_271' title='bbox 827 2433 953 2503; x_wconf 90' lang='lat' dir='ltr'>reipubli-</span> 
     </span>
     <span class='ocr_line' id='line_1_33' title="bbox 136 2505 956 2581; baseline -0.009 -13"><span class='ocrx_word' id='word_1_272' title='bbox 136 2526 184 2569; x_wconf 74' lang='lat' dir='ltr'>vcae</span> <span class='ocrx_word' id='word_1_273' title='bbox 196 2507 479 2580; x_wconf 54' lang='lat' dir='ltr'>institutisfidentidem</span> <span class='ocrx_word' id='word_1_274' title='bbox 489 2509 559 2560; x_wconf 84' lang='lat' dir='ltr'>uarie</span> <span class='ocrx_word' id='word_1_275' title='bbox 567 2510 742 2581; x_wconf 87' lang='lat' dir='ltr'>temperarint.</span> <span class='ocrx_word' id='word_1_276' title='bbox 763 2505 956 2579; x_wconf 81' lang='lat' dir='ltr'>Apudnrunut·</span> 
     </span>
    </p>

    <p class='ocr_par' dir='ltr' id='par_1_4' title="bbox 432 2583 955 2646">
     <span class='ocr_line' id='line_1_34' title="bbox 432 2583 955 2646; baseline 0.004 -13"><span class='ocrx_word' id='word_1_277' title='bbox 432 2611 452 2624; x_wconf 63' lang='lat'><em>2</em></span> <span class='ocrx_word' id='word_1_278' title='bbox 522 2583 579 2646; x_wconf 77' lang='lat'>03</span> <span class='ocrx_word' id='word_1_279' title='bbox 882 2598 955 2636; x_wconf 73' lang='lat' dir='ltr'>tusus</span> 
     </span>
    </p>
   </div>
   <div class='ocr_carea' id='block_1_2' title="bbox 0 0 1175 3163">
    <p class='ocr_par' dir='ltr' id='par_1_5' title="bbox 0 0 1175 3163">
     <span class='ocr_line' id='line_1_35' title="bbox 0 0 1175 3163; baseline 0 0"><span class='ocrx_word' id='word_1_280' title='bbox 0 0 1175 3163; x_wconf 95' lang='lat' dir='ltr'> </span> 
     </span>
    </p>
   </div>
  </div>
 </body>
</html>
